<?xml version="1.0" encoding="UTF-8"?><collection xmlns="http://www.loc.gov/MARC21/slim"><record><leader>00395nam--2200109-i-4500</leader><controlfield tag="001">000003251</controlfield><controlfield tag="002">20161230</controlfield><controlfield tag="005">20161230201025</controlfield><controlfield tag="008">060222s1000------------r-----000-0-eng-d</controlfield><datafield ind1=" " ind2=" " tag="245"><subfield code="a">Elsevier s dictionary of electronics and waveg /spanish/italian/dutch and german. compiler an d arranged by ... uides in six languages: englis/american/french</subfield></datafield><datafield ind1=" " ind2=" " tag="260"><subfield code="a">Amsterdam, Elsevier, 1957</subfield></datafield><datafield ind1=" " ind2=" " tag="700"><subfield code="a">Clason, W. E</subfield></datafield></record></collection>